
@Manual{pedsim,
  title = {Evaluating risk detection methods to uncover ontogenic-mediated adverse drug effect mechanisms in children},
  author = {Giangreco NP, Tatonetti NP},
  year = {2021},
  url = {https://doi.org/10.1186/s13040-021-00264-9},
}

@Manual{peddb,
    title = {A database of pediatric drug effects to evaluate ontogenic mechanisms from child growth and development},
    author = {Giangreco NP, Tatonetti NP},
    year = {2022},
    url = {https://doi.org/10.1016/j.medj.2022.06.001},
  }

@Manual{pedreview,
  title = {No population left behind: Improving paediatric drug safety using informatics and systems biology},
  author = {Giangreco NP, Elias JE, Tatonetti NP},
  year = {2022},
  url = {https://doi.org/10.1111/bcp.14705},
}

@Manual{klkb1,
  title = {Plasma kallikrein predicts primary graft dysfunction after heart transplant},
  author = {Giangreco NP},
  year = {2021},
  url = {https://doi.org/10.1016/j.healun.2021.07.001},
}

@Manual{kks,
  title = {Alterations in the kallikrein-kinin system predict death after heart transplant},
  author = {Giangreco NP},
  year = {2022},
  url = {https://doi.org/10.1038/s41598-022-18573-2},
}
